% This file was created with JabRef 2.10.
% Encoding: UTF8


@Manual{abntex2modelo,
  Title                    = {Modelo Canônico de Trabalho Acadêmico com abnTeX2},
  Author                   = {abnTeX2},
  Organization             = {Equipe abnTeX2},
  Year                     = {2013},
  Annote                   = {Este documento é derivado do \cite{abnt-bibtex-doc}},
  Url                      = {http://abntex2.googlecode.com/}
}

@Manual{abntex2modelo-artigo,
  Title                    = {Modelo Canônico de Artigo Científico com abnTeX2},
  Author                   = {abnTeX2},
  Organization             = {Equipe abnTeX2},
  Year                     = {2013},
  Annote                   = {Este documento é derivado do \cite{abnt-bibtex-doc}},
  Url                      = {http://abntex2.googlecode.com/}
}

@Misc{abntex2-wiki-como-customizar,
  Title                    = {Como customizar o abnTeX2},

  Author                   = {abnTeX2},
  HowPublished             = {Wiki do abnTeX2},
  Year                     = {2013},
  Keywords                 = {wiki},
  Url                      = {https://code.google.com/p/abntex2/wiki/ComoCustomizar},
  Urlaccessdate            = {23 mar. 2013}
}

@Manual{abntex2cite,
  Title                    = {O pacote abntex2cite: Estilos bibliográficos compatíveis com a ABNT NBR 6023},
  Author                   = {abnTeX2 and Lauro César Araujo},
  Organization             = {Equipe abnTeX2},
  Year                     = {2013},
  Annote                   = {Este documento é derivado do \cite{abnt-bibtex-doc}},
  Url                      = {http://abntex2.googlecode.com/}
}

@Manual{abntex2cite-alf,
  Title                    = {O pacote abntex2cite: tópicos específicos da ABNT NBR 10520:2002 e o estilo bibliográfico alfabético (sistema autor-data)},
  Author                   = {abnTeX2 and Lauro César Araujo},
  Organization             = {Equipe abnTeX2},
  Year                     = {2013},
  Annote                   = {Este documento é derivado do \cite{abnt-bibtex-alf-doc}},
  Url                      = {http://abntex2.googlecode.com/}
}

@Manual{abntex2classe,
  Title                    = {A classe abntex2: Modelo canônico de trabalhos acadêmicos brasileiros compatível com as normas ABNT NBR 14724:2011, ABNT NBR 6024:2012 e outras},
  Author                   = {abnTeX2 and Lauro César Araujo},
  Organization             = {Equipe abnTeX2},
  Year                     = {2013},
  Url                      = {http://abntex2.googlecode.com/}
}

@Book{Dongen2012,
  Title                    = {LaTeX and Friends},
  Author                   = {M. R. C. van Dongen},
  Publisher                = {Springer},
  Year                     = {2012},
  Month                    = {jan},
  ISBN                     = {978-36-4223-816-1}
}

@Book{ibge1993,
  Title                    = {Normas de apresentação tabular},
  Author                   = {IBGE},
  Publisher                = {Centro de Documentação e Disseminação de Informações. Fundação Intituto Brasileiro de Geografia e Estatística},
  Year                     = {1993},
  Address                  = {Rio de Janeiro},
  Edition                  = {3},
  Organization             = {http://biblioteca.ibge.gov.br/visualizacao/livros/liv23907.pdf},
  Timestamp                = {2014.04.03},
  Urlaccessdate            = {21 ago 2013}
}

@Book{LeslieLamport90,
  Title                    = {LaTeX: A Document Preparation System},
  Author                   = {Leslie Lamport},
  Publisher                = {TBS},
  Year                     = {1994},
  Month                    = {jul},
  ISBN                     = {81-7758-414-6}
}

@Book{FrankMittelbach111,
  Title                    = {The LaTeX Companion},
  Author                   = {Frank Mittelbach and Michel Goossens and Johannes Braams and David Carlisle and Chris Rowley},
  Publisher                = {Addison-Wesley},
  Year                     = {2004},
  Month                    = {mai},
  ISBN                     = {978-02-0136-299-2}
}

@Manual{manualUFV,
  Title                    = {Manual de Normalização de Trabalhos Acadêmicos},
  Address                  = {Viçosa, MG},
  Author                   = {Alice Regina Pinto and Bruna Silva and Izabel Cristina de Oliveira and Juliana Ottoni da Silva Pereira and Leiva Nunes},
  Organization             = {Universidade Federal de Viçosa},
  Year                     = {2011},
  Url                      = {http://www.bbt.ufv.br/docs/ManualtrabalhosAcademicos.pdf},
  Urlaccessdate            = {01 out. 2014}
}

@Manual{memoir,
  Title                    = {The Memoir Class for Configurable Typesetting - User Guide},
  Address                  = {Normandy Park, WA},
  Author                   = {Peter Wilson and Lars Madsen},
  Organization             = {The Herries Press},
  Year                     = {2010},
  Url                      = {http://mirrors.ctan.org/macros/latex/contrib/memoir/memman.pdf},
  Urlaccessdate            = {19 dez. 2012}
}

@manual{NBR10520:2002,
	Address = {Rio de Janeiro},
	Date-Added = {2012-12-15 21:43:38 +0000},
	Date-Modified = {2013-01-12 22:17:20 +0000},
	Month = {ago.},
	Org-Short = {ABNT},
	Organization = {Associa{\c c}\~ao Brasileira de Normas T\'ecnicas},
	Pages = 7,
	Subtitle = {Informa{\c c}\~ao e documenta{\c c}\~ao --- Apresenta{\c c}\~ao de cita{\c c}\~oes em documentos},
	Title = {{NBR} 10520},
	Year = 2002}

@manual{NBR6024:2012,
	Address = {Rio de Janeiro},
	Date-Added = {2012-12-15 21:24:06 +0000},
	Date-Modified = {2012-12-15 21:24:28 +0000},
	Month = {fev.},
	Org-Short = {ABNT},
	Organization = {Associa{\c c}\~ao Brasileira de Normas T\'ecnicas},
	Pages = 4,
	Subtitle = {Numera{\c c}\~ao progressiva das se{\c c}\~oes de um documento},
	Title = {{NBR} 6024},
	Year = 2012}

@manual{NBR6028:2003,
	Address = {Rio de Janeiro},
	Date-Added = {2012-12-15 21:02:12 +0000},
	Date-Modified = {2012-12-15 21:02:50 +0000},
	Month = {nov.},
	Org-Short = {ABNT},
	Organization = {Associa{\c c}\~ao Brasileira de Normas T\'ecnicas},
	Pages = 2,
	Subtitle = {Resumo - Apresenta{\c c}{\~a}o},
	Title = {{NBR} 6028},
	Year = 2003}

@manual{NBR14724:2011,
	Address = {Rio de Janeiro},
	Date-Added = {2012-12-15 20:34:08 +0000},
	Date-Modified = {2012-12-15 20:34:08 +0000},
	Month = {jul.},
	Org-Short = {ABNT},
	Organization = {Associa{\c c}\~ao Brasileira de Normas T\'ecnicas},
	Pages = 6,
	Subtitle = {Informa{\c c}\~ao e documenta{\c c}\~ao --- trabalhos acad\^emicos --- apresenta{\c c}\~ao},
	Title = {{NBR} 14724},
	Year = 2011}

@manual{NBR14724:2002,
	Address = {Rio de Janeiro},
	Date-Added = {2012-12-15 20:34:17 +0000},
	Date-Modified = {2012-12-15 20:34:17 +0000},
	Month = {ago.},
	Org-Short = {ABNT},
	Organization = {Associa{\c c}\~ao Brasileira de Normas T\'ecnicas},
	Pages = 6,
	Subtitle = {Informa{\c c}\~ao e documenta{\c c}\~ao --- trabalhos acad\^emicos --- apresenta{\c c}\~ao},
	Title = {{NBR} 14724},
	Year = 2002}

@manual{NBR14724:2005,
	Address = {Rio de Janeiro},
	Date-Added = {2012-12-15 20:34:08 +0000},
	Date-Modified = {2012-12-15 20:35:25 +0000},
	Month = {dez.},
	Org-Short = {ABNT},
	Organization = {Associa{\c c}\~ao Brasileira de Normas T\'ecnicas},
	Pages = 9,
	Subtitle = {Informa{\c c}\~ao e documenta{\c c}\~ao --- trabalhos acad\^emicos --- apresenta{\c c}\~ao},
	Title = {{NBR} 14724},
	Year = 2005}
	
@misc{site2019,
 author = {UFAC},
 title = {Trabalho de Conclusão de Curso},
 year = {2019},
 note = {Dispon\'{i}vel em \url{http://www.csi.ufac.br/monografia.pdf}}
}

@inproceedings{confnac2019,
 author = {P. Autor},
 title = {Exemplo de trabalho em confer\^encia nacional},
 booktitle = {Congresso Brasileiro de Futebol},
 pages = {95--105},
 address = {Rio de Janeiro, RJ, Brasil},
 month = {Dezembro},
 year = {2019}
}

@inproceedings{confinter2019,
 author = {P. Autor},
 title = {Exemplo de trabalho em confer\^encia internacional},
 booktitle = {{FIFA} Annual Conference},
 pages = {95--105},
 address = {Los Angeles, CA, EUA},
 month = {Dezembro},
 year = {2019}
}

@article{rev2019,
 author = {P. Autor and S. Autor and T. Autor},
 title = {Exemplo de trabalho em revista},
 journal = {Revista Brasileira de Futebol},
 volume = {53},
 number = {5},
 year = {2019},
 pages = {584--600}
}

@article{traina2019,
	title={Como fazer pesquisa bibliogr{\'a}fica},
	author={Traina, Agma Juci Machado and Traina Jr, Caetano},
	journal={SBC Horizontes},
	volume={2},
	number={2},
	pages={30--35},
	year={2019}
}

@PhdThesis{tese2019,
 author = {O. Aluno},
 title = {Minha tese de doutorado},
 school = {Universidade Federal do Acre},
 month = {Julho},
 year = {2019},
 address = {Rio Branco, AC, Brasil}
}

@BOOK{wazlawick2009,
	AUTHOR    = {Wazlawick, Raul Sidnei},
	TITLE     = {Metodologia de Pesquisa em Ciência da Computação},
	PUBLISHER = {Elsevier},
	YEAR      = {2009},
	Edition   = {1a edição},
	Note      = {ISBN 978-85-35235-22-7}
}

@BOOK{zobel2014,
	AUTHOR    = {Zobel, Justin},
	TITLE     = {Writing for Computer Science},
	PUBLISHER = {Springer},
	YEAR      = {2014},
	Edition   = {3a edição},
	Note      = {ISBN 978-14-47166-38-2}
}
